<?xml version="1.0" encoding="UTF-8"?><record xmlns="http://www.loc.gov/MARC21/slim" xmlns:cinclude="http://apache.org/cocoon/include/1.0" xmlns:zs="http://www.loc.gov/zing/srw/">
  <leader>00416nz  a2200133n  4500</leader>
  <controlfield tag="001">n  88058077 </controlfield>
  <controlfield tag="003">DLC</controlfield>
  <controlfield tag="005">19880923060154.8</controlfield>
  <controlfield tag="008">880815n| acannaab|          |a aaa ||| c</controlfield>
  <datafield tag="010" ind1=" " ind2=" ">
    <subfield code="a">n  88058077 </subfield>
  </datafield>
  <datafield tag="040" ind1=" " ind2=" ">
    <subfield code="a">MdU</subfield>
    <subfield code="c">DLC</subfield>
  </datafield>
  <datafield tag="100" ind1="1" ind2="0">
    <subfield code="a">Tredgold, Thomas,</subfield>
    <subfield code="d">1788-1829.</subfield>
    <subfield code="t">Practical treatise on railroads and carriages.</subfield>
    <subfield code="l">Spanish</subfield>
  </datafield>
  <datafield tag="400" ind1="1" ind2="0">
    <subfield code="a">Tredgold, Thomas,</subfield>
    <subfield code="d">1788-1829.</subfield>
    <subfield code="t">Caminos de hierro</subfield>
  </datafield>
  <datafield tag="670" ind1=" " ind2=" ">
    <subfield code="a">His Caminos de hierro, 1831.</subfield>
  </datafield>
</record>